@article{Keynes:1937,
	author = {Keynes, John Maynard},
	date-added = {2022-08-25 11:22:32 -0400},
	date-modified = {2022-08-25 11:22:57 -0400},
	journal = {The Quarterly Journal of Economics},
	number = {2},
	pages = {209--223},
	title = {The General Theory of Employment},
	volume = {51},
	year = {1937}}

@article{Turing:1936,
	author = {Turing, Alan Mathison},
	date-added = {2022-08-25 11:20:04 -0400},
	date-modified = {2022-08-25 11:21:27 -0400},
	journal = {Journal of Math},
	number = {345-363},
	pages = {230--265},
	title = {On Computable Numbers, with an Application to the {Entscheidungsproblem}},
	volume = {58},
	year = {1936}}

@article{Lovelace:1842,
	author = {Lovelace, Augusta Ada},
	date-added = {2022-08-25 11:14:54 -0400},
	date-modified = {2022-08-25 11:15:41 -0400},
	journal = {Taylor's Scientific Memoirs},
	pages = {666--731},
	title = {Sketch of the Analytical Engine Invented by {Charles Babbage}, by {LF Menabrea}, Officer of the Military Engineers, with Notes Upon the Memoir by the Translator},
	volume = {3},
	year = {1842}}
